%YAML 1.1
%TAG !u! tag:unity3d.com,2011:
--- !u!1001 &100100000
Prefab:
  m_ObjectHideFlags: 1
  serializedVersion: 2
  m_Modification:
    m_TransformParent: {fileID: 0}
    m_Modifications: []
    m_RemovedComponents: []
  m_ParentPrefab: {fileID: 0}
  m_RootGameObject: {fileID: 1902811089427164}
  m_IsPrefabParent: 1
--- !u!1 &1902811089427164
GameObject:
  m_ObjectHideFlags: 0
  m_PrefabParentObject: {fileID: 0}
  m_PrefabInternal: {fileID: 100100000}
  serializedVersion: 5
  m_Component:
  - component: {fileID: 4066013435915502}
  - component: {fileID: 114127162949632620}
  - component: {fileID: 54942452051946100}
  m_Layer: 10
  m_Name: StaticLaserDanger
  m_TagString: Untagged
  m_Icon: {fileID: 0}
  m_NavMeshLayer: 0
  m_StaticEditorFlags: 0
  m_IsActive: 1
--- !u!4 &4066013435915502
Transform:
  m_ObjectHideFlags: 1
  m_PrefabParentObject: {fileID: 0}
  m_PrefabInternal: {fileID: 100100000}
  m_GameObject: {fileID: 1902811089427164}
  m_LocalRotation: {x: 0, y: 0, z: 0, w: 1}
  m_LocalPosition: {x: 0, y: 0, z: 0}
  m_LocalScale: {x: 1, y: 1, z: 1}
  m_Children: []
  m_Father: {fileID: 0}
  m_RootOrder: 0
  m_LocalEulerAnglesHint: {x: 0, y: 0, z: 0}
--- !u!54 &54942452051946100
Rigidbody:
  m_ObjectHideFlags: 1
  m_PrefabParentObject: {fileID: 0}
  m_PrefabInternal: {fileID: 100100000}
  m_GameObject: {fileID: 1902811089427164}
  serializedVersion: 2
  m_Mass: 1
  m_Drag: 0
  m_AngularDrag: 0.05
  m_UseGravity: 0
  m_IsKinematic: 1
  m_Interpolate: 0
  m_Constraints: 126
  m_CollisionDetection: 0
--- !u!114 &114127162949632620
MonoBehaviour:
  m_ObjectHideFlags: 1
  m_PrefabParentObject: {fileID: 0}
  m_PrefabInternal: {fileID: 100100000}
  m_GameObject: {fileID: 1902811089427164}
  m_Enabled: 1
  m_EditorHideFlags: 0
  m_Script: {fileID: 11500000, guid: 90ad092394f1c234488d7fabebb8d62e, type: 3}
  m_Name: 
  m_EditorClassIdentifier: 
  parameters:
    difficultyValue: 0
    type: 2
    tileDuration: 0
  parentTrackTile: {fileID: 0}
  innerRectangleDimensionProportions: {x: 0.5, y: 0.5}
  emitterPrefab: {fileID: 1425547696688170, guid: c520aa616a1b62f408b61c6b2cf36775,
    type: 2}
  laserLinePrefab: {fileID: 120006211634519126, guid: 6cefb150216fc2a459437acf7553e980,
    type: 2}
  colliderPrefab: {fileID: 65412402406615162, guid: 01cc0015a7a5223439db0b26bdcc519c,
    type: 2}
  wireColor: {r: 1, g: 0, b: 0, a: 1}
