%YAML 1.1
%TAG !u! tag:unity3d.com,2011:
--- !u!1001 &100100000
Prefab:
  m_ObjectHideFlags: 1
  serializedVersion: 2
  m_Modification:
    m_TransformParent: {fileID: 0}
    m_Modifications: []
    m_RemovedComponents: []
  m_ParentPrefab: {fileID: 0}
  m_RootGameObject: {fileID: 1070540341542212}
  m_IsPrefabParent: 1
--- !u!1 &1070540341542212
GameObject:
  m_ObjectHideFlags: 0
  m_PrefabParentObject: {fileID: 0}
  m_PrefabInternal: {fileID: 100100000}
  serializedVersion: 5
  m_Component:
  - component: {fileID: 4562918409594484}
  - component: {fileID: 114442381543464078}
  - component: {fileID: 114712974321710476}
  - component: {fileID: 114832128914940424}
  - component: {fileID: 54748082210714612}
  - component: {fileID: 136955516011421496}
  m_Layer: 9
  m_Name: FPSCharacter
  m_TagString: Player
  m_Icon: {fileID: 0}
  m_NavMeshLayer: 0
  m_StaticEditorFlags: 0
  m_IsActive: 1
--- !u!1 &1509663242096424
GameObject:
  m_ObjectHideFlags: 0
  m_PrefabParentObject: {fileID: 0}
  m_PrefabInternal: {fileID: 100100000}
  serializedVersion: 5
  m_Component:
  - component: {fileID: 4815282850466176}
  - component: {fileID: 114237632401975396}
  - component: {fileID: 135224275952392648}
  m_Layer: 9
  m_Name: WallMovementHelper
  m_TagString: Untagged
  m_Icon: {fileID: 0}
  m_NavMeshLayer: 0
  m_StaticEditorFlags: 0
  m_IsActive: 1
--- !u!1 &1525336210680242
GameObject:
  m_ObjectHideFlags: 0
  m_PrefabParentObject: {fileID: 0}
  m_PrefabInternal: {fileID: 100100000}
  serializedVersion: 5
  m_Component:
  - component: {fileID: 4538116265172706}
  - component: {fileID: 20944880996588824}
  - component: {fileID: 124607626104343342}
  - component: {fileID: 81757962919745072}
  - component: {fileID: 114302492338094308}
  m_Layer: 9
  m_Name: Camera
  m_TagString: MainCamera
  m_Icon: {fileID: 0}
  m_NavMeshLayer: 0
  m_StaticEditorFlags: 0
  m_IsActive: 1
--- !u!4 &4538116265172706
Transform:
  m_ObjectHideFlags: 1
  m_PrefabParentObject: {fileID: 0}
  m_PrefabInternal: {fileID: 100100000}
  m_GameObject: {fileID: 1525336210680242}
  m_LocalRotation: {x: 0, y: 0, z: 0, w: 1}
  m_LocalPosition: {x: 0, y: 0.5, z: 0}
  m_LocalScale: {x: 1, y: 1, z: 1}
  m_Children: []
  m_Father: {fileID: 4562918409594484}
  m_RootOrder: 1
  m_LocalEulerAnglesHint: {x: 0, y: 0, z: 0}
--- !u!4 &4562918409594484
Transform:
  m_ObjectHideFlags: 1
  m_PrefabParentObject: {fileID: 0}
  m_PrefabInternal: {fileID: 100100000}
  m_GameObject: {fileID: 1070540341542212}
  m_LocalRotation: {x: 0, y: 0, z: 0, w: 1}
  m_LocalPosition: {x: 0, y: 0, z: 0}
  m_LocalScale: {x: 1, y: 1, z: 1}
  m_Children:
  - {fileID: 4815282850466176}
  - {fileID: 4538116265172706}
  m_Father: {fileID: 0}
  m_RootOrder: 0
  m_LocalEulerAnglesHint: {x: 0, y: 0, z: 0}
--- !u!4 &4815282850466176
Transform:
  m_ObjectHideFlags: 1
  m_PrefabParentObject: {fileID: 0}
  m_PrefabInternal: {fileID: 100100000}
  m_GameObject: {fileID: 1509663242096424}
  m_LocalRotation: {x: 0, y: 0, z: 0, w: 1}
  m_LocalPosition: {x: 0, y: 0, z: 0}
  m_LocalScale: {x: 1, y: 1, z: 1}
  m_Children: []
  m_Father: {fileID: 4562918409594484}
  m_RootOrder: 0
  m_LocalEulerAnglesHint: {x: 0, y: 0, z: 0}
--- !u!20 &20944880996588824
Camera:
  m_ObjectHideFlags: 1
  m_PrefabParentObject: {fileID: 0}
  m_PrefabInternal: {fileID: 100100000}
  m_GameObject: {fileID: 1525336210680242}
  m_Enabled: 1
  serializedVersion: 2
  m_ClearFlags: 1
  m_BackGroundColor: {r: 0.19215687, g: 0.3019608, b: 0.4745098, a: 0}
  m_NormalizedViewPortRect:
    serializedVersion: 2
    x: 0
    y: 0
    width: 1
    height: 1
  near clip plane: 0.3
  far clip plane: 1000
  field of view: 90
  orthographic: 0
  orthographic size: 5
  m_Depth: 0
  m_CullingMask:
    serializedVersion: 2
    m_Bits: 4294967295
  m_RenderingPath: -1
  m_TargetTexture: {fileID: 0}
  m_TargetDisplay: 0
  m_TargetEye: 3
  m_HDR: 1
  m_AllowMSAA: 1
  m_AllowDynamicResolution: 0
  m_ForceIntoRT: 1
  m_OcclusionCulling: 1
  m_StereoConvergence: 10
  m_StereoSeparation: 0.022
--- !u!54 &54748082210714612
Rigidbody:
  m_ObjectHideFlags: 1
  m_PrefabParentObject: {fileID: 0}
  m_PrefabInternal: {fileID: 100100000}
  m_GameObject: {fileID: 1070540341542212}
  serializedVersion: 2
  m_Mass: 1
  m_Drag: 0
  m_AngularDrag: 0
  m_UseGravity: 0
  m_IsKinematic: 0
  m_Interpolate: 1
  m_Constraints: 94
  m_CollisionDetection: 1
--- !u!81 &81757962919745072
AudioListener:
  m_ObjectHideFlags: 1
  m_PrefabParentObject: {fileID: 0}
  m_PrefabInternal: {fileID: 100100000}
  m_GameObject: {fileID: 1525336210680242}
  m_Enabled: 1
--- !u!114 &114237632401975396
MonoBehaviour:
  m_ObjectHideFlags: 1
  m_PrefabParentObject: {fileID: 0}
  m_PrefabInternal: {fileID: 100100000}
  m_GameObject: {fileID: 1509663242096424}
  m_Enabled: 1
  m_EditorHideFlags: 0
  m_Script: {fileID: 11500000, guid: f5f4b0a9e7d709048bc6a40627b71a5e, type: 3}
  m_Name: 
  m_EditorClassIdentifier: 
  wallRuneableMasks:
    serializedVersion: 2
    m_Bits: 0
  minWallRunSpeedPerc: 0.5
  wallRunTiltAngle: 5
  wallRunTiltSpeed: 0.5
  minIncomingAngleAdmitted: 45
  maxIncomingAngleAdmitted: 135
  parent: {fileID: 0}
  state: 0
--- !u!114 &114302492338094308
MonoBehaviour:
  m_ObjectHideFlags: 1
  m_PrefabParentObject: {fileID: 0}
  m_PrefabInternal: {fileID: 100100000}
  m_GameObject: {fileID: 1525336210680242}
  m_Enabled: 1
  m_EditorHideFlags: 0
  m_Script: {fileID: 11500000, guid: 948f4100a11a5c24981795d21301da5c, type: 3}
  m_Name: 
  m_EditorClassIdentifier: 
  volumeTrigger: {fileID: 4538116265172706}
  volumeLayer:
    serializedVersion: 2
    m_Bits: 512
  stopNaNPropagation: 1
  antialiasingMode: 1
  temporalAntialiasing:
    jitterSpread: 0.75
    sharpness: 0.25
    stationaryBlending: 0.95
    motionBlending: 0.85
  subpixelMorphologicalAntialiasing:
    quality: 2
  fastApproximateAntialiasing:
    fastMode: 1
    keepAlpha: 0
  fog:
    enabled: 1
    excludeSkybox: 1
  debugLayer:
    lightMeter:
      width: 512
      height: 256
      showCurves: 1
    histogram:
      width: 512
      height: 256
      channel: 3
    waveform:
      exposure: 0.12
      height: 256
    vectorscope:
      size: 256
      exposure: 0.12
    overlaySettings:
      motionColorIntensity: 4
      motionGridSize: 64
      colorBlindnessType: 0
      colorBlindnessStrength: 1
  m_Resources: {fileID: 11400000, guid: d82512f9c8e5d4a4d938b575d47f88d4, type: 2}
  m_ShowToolkit: 1
  m_ShowCustomSorter: 0
  breakBeforeColorGrading: 0
  m_BeforeTransparentBundles: []
  m_BeforeStackBundles: []
  m_AfterStackBundles: []
--- !u!114 &114442381543464078
MonoBehaviour:
  m_ObjectHideFlags: 1
  m_PrefabParentObject: {fileID: 0}
  m_PrefabInternal: {fileID: 100100000}
  m_GameObject: {fileID: 1070540341542212}
  m_Enabled: 1
  m_EditorHideFlags: 0
  m_Script: {fileID: 11500000, guid: b9da88044d777084fb2437bdeadaf960, type: 3}
  m_Name: 
  m_EditorClassIdentifier: 
  currentState: {fileID: 11400000, guid: 6c82e25d0ce4a5a42874ebb3e550ad2e, type: 2}
  generalActions:
  - {fileID: 11400000, guid: 18374a9a4f957d741870d2f760389d99, type: 2}
  debugMessages: 0
  crouchedHeight: 0.5
  crouchInSwitchTime: 0.25
  crouchOffSwitchTime: 0.25
  characterManager: {fileID: 0}
  deltaTime: 0
  dashDirection: 0
  dashTimer: 0
  crouchTransitionTimer: 0
  standingHeight: 0
  landPoint: {x: 0, y: 0, z: 0}
--- !u!114 &114712974321710476
MonoBehaviour:
  m_ObjectHideFlags: 1
  m_PrefabParentObject: {fileID: 0}
  m_PrefabInternal: {fileID: 100100000}
  m_GameObject: {fileID: 1070540341542212}
  m_Enabled: 1
  m_EditorHideFlags: 0
  m_Script: {fileID: 11500000, guid: 02a1569677f41fd44876e126aecf8262, type: 3}
  m_Name: 
  m_EditorClassIdentifier: 
  parameters: {fileID: 11400000, guid: b8cac919da520b243a0d9b1dc4a58573, type: 2}
  mouseLook:
    XSensitivity: 2
    YSensitivity: 2
    clampVerticalRotation: 1
    verticalRotationClamps: {x: -90, y: 90}
    clampHorizontalRotation: 1
    horizontalRotationClamps: {x: -90, y: 90}
    smooth: 0
    smoothTime: 5
    wallRunTilt: 0
  headBob:
    HorizontalBobRange: 0.1
    VerticalBobRange: 0.1
    Bobcurve:
      serializedVersion: 2
      m_Curve:
      - serializedVersion: 2
        time: 0
        value: 0
        inSlope: 0
        outSlope: 0
        tangentMode: 0
      - serializedVersion: 2
        time: 0.5
        value: 1
        inSlope: 0
        outSlope: 0
        tangentMode: 0
      - serializedVersion: 2
        time: 1
        value: 0
        inSlope: -2
        outSlope: -2
        tangentMode: 34
      - serializedVersion: 2
        time: 1.5
        value: -1
        inSlope: 0
        outSlope: 0
        tangentMode: 0
      - serializedVersion: 2
        time: 2
        value: 0
        inSlope: 0
        outSlope: 0
        tangentMode: 0
      m_PreInfinity: 2
      m_PostInfinity: 2
      m_RotationOrder: 0
    VerticaltoHorizontalRatio: 2
  wallMovement: {fileID: 114237632401975396}
  drawDebugs: 1
  health: 0
  energy: 0
  time: 0
  invulnerable: 0
  cam: {fileID: 0}
  originalCamLocalPos: {x: 0, y: 0, z: 0}
  capsCollider: {fileID: 0}
  virtualSpeed: {x: 0, y: 0, z: 0}
  virtualPosition: {x: 0, y: 0, z: 0}
--- !u!114 &114832128914940424
MonoBehaviour:
  m_ObjectHideFlags: 1
  m_PrefabParentObject: {fileID: 0}
  m_PrefabInternal: {fileID: 100100000}
  m_GameObject: {fileID: 1070540341542212}
  m_Enabled: 0
  m_EditorHideFlags: 0
  m_Script: {fileID: 11500000, guid: 11a17ad23bcdf7249bc58258856a10f3, type: 3}
  m_Name: 
  m_EditorClassIdentifier: 
--- !u!124 &124607626104343342
Behaviour:
  m_ObjectHideFlags: 1
  m_PrefabParentObject: {fileID: 0}
  m_PrefabInternal: {fileID: 100100000}
  m_GameObject: {fileID: 1525336210680242}
  m_Enabled: 1
--- !u!135 &135224275952392648
SphereCollider:
  m_ObjectHideFlags: 1
  m_PrefabParentObject: {fileID: 0}
  m_PrefabInternal: {fileID: 100100000}
  m_GameObject: {fileID: 1509663242096424}
  m_Material: {fileID: 0}
  m_IsTrigger: 1
  m_Enabled: 0
  serializedVersion: 2
  m_Radius: 0.68
  m_Center: {x: 0, y: 0, z: 0}
--- !u!136 &136955516011421496
CapsuleCollider:
  m_ObjectHideFlags: 1
  m_PrefabParentObject: {fileID: 0}
  m_PrefabInternal: {fileID: 100100000}
  m_GameObject: {fileID: 1070540341542212}
  m_Material: {fileID: 0}
  m_IsTrigger: 0
  m_Enabled: 1
  m_Radius: 0.5
  m_Height: 2
  m_Direction: 1
  m_Center: {x: 0, y: 0, z: 0}
