%YAML 1.1
%TAG !u! tag:unity3d.com,2011:
--- !u!1001 &100100000
Prefab:
  m_ObjectHideFlags: 1
  serializedVersion: 2
  m_Modification:
    m_TransformParent: {fileID: 0}
    m_Modifications: []
    m_RemovedComponents: []
  m_ParentPrefab: {fileID: 0}
  m_RootGameObject: {fileID: 1305620343799134}
  m_IsPrefabParent: 1
--- !u!1 &1295243962155090
GameObject:
  m_ObjectHideFlags: 0
  m_PrefabParentObject: {fileID: 0}
  m_PrefabInternal: {fileID: 100100000}
  serializedVersion: 5
  m_Component:
  - component: {fileID: 224074503210653460}
  - component: {fileID: 223206340878073502}
  - component: {fileID: 114690422161692656}
  - component: {fileID: 114668044867940878}
  m_Layer: 0
  m_Name: WorldCanvas
  m_TagString: Untagged
  m_Icon: {fileID: 0}
  m_NavMeshLayer: 0
  m_StaticEditorFlags: 0
  m_IsActive: 1
--- !u!1 &1305620343799134
GameObject:
  m_ObjectHideFlags: 0
  m_PrefabParentObject: {fileID: 0}
  m_PrefabInternal: {fileID: 100100000}
  serializedVersion: 5
  m_Component:
  - component: {fileID: 4049003977688034}
  - component: {fileID: 114148369278578672}
  - component: {fileID: 114937698474602202}
  - component: {fileID: 114506349526897716}
  - component: {fileID: 114274224230092240}
  - component: {fileID: 114583416900706454}
  - component: {fileID: 114926828574849068}
  - component: {fileID: 114114888222030850}
  m_Layer: 0
  m_Name: '@Managers'
  m_TagString: Untagged
  m_Icon: {fileID: 0}
  m_NavMeshLayer: 0
  m_StaticEditorFlags: 0
  m_IsActive: 1
--- !u!4 &4049003977688034
Transform:
  m_ObjectHideFlags: 1
  m_PrefabParentObject: {fileID: 0}
  m_PrefabInternal: {fileID: 100100000}
  m_GameObject: {fileID: 1305620343799134}
  m_LocalRotation: {x: -0, y: -0, z: -0, w: 1}
  m_LocalPosition: {x: 0, y: 0, z: 0}
  m_LocalScale: {x: 1, y: 1, z: 1}
  m_Children:
  - {fileID: 224074503210653460}
  m_Father: {fileID: 0}
  m_RootOrder: 0
  m_LocalEulerAnglesHint: {x: 0, y: 0, z: 0}
--- !u!114 &114114888222030850
MonoBehaviour:
  m_ObjectHideFlags: 1
  m_PrefabParentObject: {fileID: 0}
  m_PrefabInternal: {fileID: 100100000}
  m_GameObject: {fileID: 1305620343799134}
  m_Enabled: 1
  m_EditorHideFlags: 0
  m_Script: {fileID: 11500000, guid: ace6b647c971c404a8aa117a5efc2f81, type: 3}
  m_Name: 
  m_EditorClassIdentifier: 
  parameters:
    shakeIntensity: 0.5
    shakeDuration: 0.5
    shakeAmount: 500
    defaultFadeBlackTime: 1
    defaultFadeBlackSteps: 10
    blackFadeEase: 20
    damagedTimeMultiplier: 1
    damagedEase:
      serializedVersion: 2
      m_Curve:
      - serializedVersion: 2
        time: 0
        value: 0
        inSlope: 2
        outSlope: 2
        tangentMode: 0
      - serializedVersion: 2
        time: 0.1
        value: 1
        inSlope: 0
        outSlope: -1.9379724
        tangentMode: 1
      - serializedVersion: 2
        time: 0.27322102
        value: 0.69207674
        inSlope: -0.20265579
        outSlope: -0.20265579
        tangentMode: 1
      - serializedVersion: 2
        time: 0.44189453
        value: 0.9952698
        inSlope: 0.5108823
        outSlope: 0.5108823
        tangentMode: 1
      - serializedVersion: 2
        time: 0.6474179
        value: 0.6989921
        inSlope: -0.16570091
        outSlope: -0.16570091
        tangentMode: 1
      - serializedVersion: 2
        time: 0.75
        value: 1
        inSlope: 2.9094095
        outSlope: -3.0732155
        tangentMode: 1
      - serializedVersion: 2
        time: 1
        value: 0
        inSlope: -1.1098385
        outSlope: -1.1098385
        tangentMode: 1
      m_PreInfinity: 2
      m_PostInfinity: 2
      m_RotationOrder: 0
    normalProfile: {fileID: 11400000, guid: eafeebbed31f41c46a1d7d3e6b45b89f, type: 2}
    damagedProfile: {fileID: 11400000, guid: 67bb16c127b9a8344ac809ffd0c66bfe, type: 2}
    blackScreenProfile: {fileID: 11400000, guid: 4d9c271adce4c1b4393757ec467f5e2f,
      type: 2}
--- !u!114 &114148369278578672
MonoBehaviour:
  m_ObjectHideFlags: 1
  m_PrefabParentObject: {fileID: 0}
  m_PrefabInternal: {fileID: 100100000}
  m_GameObject: {fileID: 1305620343799134}
  m_Enabled: 1
  m_EditorHideFlags: 0
  m_Script: {fileID: 11500000, guid: cb8525d3e484c614d9f40971ab31eba1, type: 3}
  m_Name: 
  m_EditorClassIdentifier: 
  parameters: {fileID: 11400000, guid: 6325693c084bdd647a7a19f9e2604dd3, type: 2}
  gameStarted: 0
  debugMessages: 0
--- !u!114 &114274224230092240
MonoBehaviour:
  m_ObjectHideFlags: 1
  m_PrefabParentObject: {fileID: 0}
  m_PrefabInternal: {fileID: 100100000}
  m_GameObject: {fileID: 1305620343799134}
  m_Enabled: 1
  m_EditorHideFlags: 0
  m_Script: {fileID: 11500000, guid: 85ab9b90d2691a34faf0c714bf4e0b8a, type: 3}
  m_Name: 
  m_EditorClassIdentifier: 
  worldCanvas: {fileID: 223206340878073502}
  parameters:
    healthBarPanel: {fileID: 0}
    healthTickPrefab: {fileID: 114087688183610974, guid: 4b5fe5362a3b9e24394fc7f4cf9615f6,
      type: 2}
    filledHealthTick: {fileID: 21300000, guid: f516c98fd25a7754b92109800f0597d3, type: 3}
    emptyHealthTick: {fileID: 21300000, guid: eb35dba984f05d046a561d5adc057203, type: 3}
    healthTicks: []
    energyBarPanel: {fileID: 0}
    energyTickPrefab: {fileID: 114405962935783942, guid: 6db72677e74b21b40bf853c0db1533b4,
      type: 2}
    energyTicks: []
    defaultFadeBlackTime: 1
    defaultFadeBlackSteps: 10
    blackPanel: {fileID: 0}
--- !u!114 &114506349526897716
MonoBehaviour:
  m_ObjectHideFlags: 1
  m_PrefabParentObject: {fileID: 0}
  m_PrefabInternal: {fileID: 100100000}
  m_GameObject: {fileID: 1305620343799134}
  m_Enabled: 1
  m_EditorHideFlags: 0
  m_Script: {fileID: 11500000, guid: 5d992e1ef73218d49b296ee90efd9fd8, type: 3}
  m_Name: 
  m_EditorClassIdentifier: 
  parametersObject: {fileID: 11400000, guid: 58773559b2aeaa048903b71f6271b95b, type: 2}
  properties:
    avgDangersPerSecond: 0
    maxDangersMultiple: 0
    maxDangersPerTile: 0
    metersPerBeat: 0
    tileSectionDimensions: {x: 0, y: 0}
    deathSurfaceHeight: 0
    generableDangers:
      m_keys: 
      m_values: []
    intervalsPerBeat: 0
    barInitPush: 0
    sharpenPush: 0
    dangersAmountGenerationCurve:
      serializedVersion: 2
      m_Curve: []
      m_PreInfinity: 2
      m_PostInfinity: 2
      m_RotationOrder: 4
    intensityGenerationCurve:
      serializedVersion: 2
      m_Curve: []
      m_PreInfinity: 2
      m_PostInfinity: 2
      m_RotationOrder: 4
    dangersAmountToIntensityRatio: 0
    seedSong:
      songParameters:
        bpm: 0
        duration: 0
        maxSampleDuration: 0
        nextSegmentTimeBuffer: 0
        mode: 0
        rhythm: 0
        looping: 0
        segmentAmount: 0
        segmentSwitchCurve:
          serializedVersion: 2
          m_Curve: []
          m_PreInfinity: 2
          m_PostInfinity: 2
          m_RotationOrder: 4
        previousSegmentSourcesStored: 0
      composedSegments: []
      currentSegmentIndex: 0
      introSegment:
        melodySamples: []
        harmonySamples: []
        beatSamples: []
        type: 0
      verseSegment:
        melodySamples: []
        harmonySamples: []
        beatSamples: []
        type: 0
      bridgeSegment:
        melodySamples: []
        harmonySamples: []
        beatSamples: []
        type: 0
      outroSegment:
        melodySamples: []
        harmonySamples: []
        beatSamples: []
        type: 0
      melodySamples: []
      harmonySamples: []
      baseSamples: []
      melodyMixerGroup: {fileID: 0}
      harmonyMixerGroup: {fileID: 0}
      beatMixerGroup: {fileID: 0}
    rootTile: {fileID: 0}
    initialTreadmillTile: {fileID: 0}
    deathSurface: {fileID: 0}
    trackDirection: {x: 0, y: 0, z: 0}
  track:
    parameters:
      intensities: []
      averageIntensity: 0
      intervalTileLength: 0
      trackTilesData: []
      parentSong:
        songParameters:
          bpm: 0
          duration: 0
          maxSampleDuration: 0
          nextSegmentTimeBuffer: 0
          mode: 0
          rhythm: 0
          looping: 0
          segmentAmount: 0
          segmentSwitchCurve:
            serializedVersion: 2
            m_Curve: []
            m_PreInfinity: 2
            m_PostInfinity: 2
            m_RotationOrder: 4
          previousSegmentSourcesStored: 0
        composedSegments: []
        currentSegmentIndex: 0
        introSegment:
          melodySamples: []
          harmonySamples: []
          beatSamples: []
          type: 0
        verseSegment:
          melodySamples: []
          harmonySamples: []
          beatSamples: []
          type: 0
        bridgeSegment:
          melodySamples: []
          harmonySamples: []
          beatSamples: []
          type: 0
        outroSegment:
          melodySamples: []
          harmonySamples: []
          beatSamples: []
          type: 0
        melodySamples: []
        harmonySamples: []
        baseSamples: []
        melodyMixerGroup: {fileID: 0}
        harmonyMixerGroup: {fileID: 0}
        beatMixerGroup: {fileID: 0}
    parent: {fileID: 0}
--- !u!114 &114583416900706454
MonoBehaviour:
  m_ObjectHideFlags: 1
  m_PrefabParentObject: {fileID: 0}
  m_PrefabInternal: {fileID: 100100000}
  m_GameObject: {fileID: 1305620343799134}
  m_Enabled: 1
  m_EditorHideFlags: 0
  m_Script: {fileID: 11500000, guid: 11b96b086dcbfe742b84b3686ba4e135, type: 3}
  m_Name: 
  m_EditorClassIdentifier: 
  jump: 0
  jumping: 0
  dash: 0
  dashing: 0
  crouch: 0
  crouching: 0
  strafe: {x: 0, y: 0}
  mouseMovement: {x: 0, y: 0}
--- !u!114 &114668044867940878
MonoBehaviour:
  m_ObjectHideFlags: 1
  m_PrefabParentObject: {fileID: 0}
  m_PrefabInternal: {fileID: 100100000}
  m_GameObject: {fileID: 1295243962155090}
  m_Enabled: 1
  m_EditorHideFlags: 0
  m_Script: {fileID: 1301386320, guid: f70555f144d8491a825f0804e09c671c, type: 3}
  m_Name: 
  m_EditorClassIdentifier: 
  m_IgnoreReversedGraphics: 1
  m_BlockingObjects: 0
  m_BlockingMask:
    serializedVersion: 2
    m_Bits: 4294967295
--- !u!114 &114690422161692656
MonoBehaviour:
  m_ObjectHideFlags: 1
  m_PrefabParentObject: {fileID: 0}
  m_PrefabInternal: {fileID: 100100000}
  m_GameObject: {fileID: 1295243962155090}
  m_Enabled: 1
  m_EditorHideFlags: 0
  m_Script: {fileID: 1980459831, guid: f70555f144d8491a825f0804e09c671c, type: 3}
  m_Name: 
  m_EditorClassIdentifier: 
  m_UiScaleMode: 0
  m_ReferencePixelsPerUnit: 100
  m_ScaleFactor: 1
  m_ReferenceResolution: {x: 800, y: 600}
  m_ScreenMatchMode: 0
  m_MatchWidthOrHeight: 0
  m_PhysicalUnit: 3
  m_FallbackScreenDPI: 96
  m_DefaultSpriteDPI: 96
  m_DynamicPixelsPerUnit: 1
--- !u!114 &114926828574849068
MonoBehaviour:
  m_ObjectHideFlags: 1
  m_PrefabParentObject: {fileID: 0}
  m_PrefabInternal: {fileID: 100100000}
  m_GameObject: {fileID: 1305620343799134}
  m_Enabled: 1
  m_EditorHideFlags: 0
  m_Script: {fileID: 11500000, guid: 8bf5ab9143dc6b940a667b6c4da28fc0, type: 3}
  m_Name: 
  m_EditorClassIdentifier: 
  buildingsSeparationFromTrack: 50
  buildingsAverageInternalSeparation: 0
  buildingsInternalSeparationVariance: 0
  rowsSeparation: 15
  backBuildingGenerationBuffer: 10
  frontBuildingGenerationBuffer: 30
  buildingsFloor: -100
  defaultTrackLength: 400
  rowsDepth: 5
  buildings:
  - {fileID: 2341558, guid: 2567255f9a679cd429a31eb02ba54ac1, type: 2}
  - {fileID: 2311918, guid: 3a043cf95d828e44da52277a60eb137b, type: 2}
  - {fileID: 2328694, guid: 5268f3eea397dcb40925cb28a6e9ee0f, type: 2}
  - {fileID: 2345754, guid: ed8ca91ea98dcb54397b4145af6c0b2e, type: 2}
  - {fileID: 2380680, guid: ae79364aca7e6e74b8b8d8300b504d29, type: 2}
  - {fileID: 2380490, guid: 955bf00fba2fee14696800975b5622e5, type: 2}
  - {fileID: 2340212, guid: b00208f06b04b2447af23a7247883af2, type: 2}
  - {fileID: 2383076, guid: 3e758f09cb4d777459433143fc3c7892, type: 2}
  - {fileID: 2376746, guid: b331863b8ea6edc4e93fc5d6f83dbac6, type: 2}
  - {fileID: 2393928, guid: 6e52f6e5c549dca4381c78a24c505338, type: 2}
  buildingRows: []
  rowMinLength: -1
--- !u!114 &114937698474602202
MonoBehaviour:
  m_ObjectHideFlags: 1
  m_PrefabParentObject: {fileID: 0}
  m_PrefabInternal: {fileID: 100100000}
  m_GameObject: {fileID: 1305620343799134}
  m_Enabled: 1
  m_EditorHideFlags: 0
  m_Script: {fileID: 11500000, guid: d9cfffd294041f448872054a5914f398, type: 3}
  m_Name: 
  m_EditorClassIdentifier: 
  desiredSongMinutes: 2
  playbackTime: 0
  generationParametersObject: {fileID: 11400000, guid: 76bffc6aadbcc3a4894c41265f16aa7a,
    type: 2}
  currentSong:
    songParameters:
      bpm: 0
      duration: 0
      maxSampleDuration: 0
      nextSegmentTimeBuffer: 0
      mode: 0
      rhythm: 0
      looping: 0
      segmentAmount: 0
      segmentSwitchCurve:
        serializedVersion: 2
        m_Curve: []
        m_PreInfinity: 2
        m_PostInfinity: 2
        m_RotationOrder: 4
      previousSegmentSourcesStored: 0
    composedSegments: []
    currentSegmentIndex: 0
    introSegment:
      melodySamples: []
      harmonySamples: []
      beatSamples: []
      type: 0
    verseSegment:
      melodySamples: []
      harmonySamples: []
      beatSamples: []
      type: 0
    bridgeSegment:
      melodySamples: []
      harmonySamples: []
      beatSamples: []
      type: 0
    outroSegment:
      melodySamples: []
      harmonySamples: []
      beatSamples: []
      type: 0
    melodySamples: []
    harmonySamples: []
    baseSamples: []
    melodyMixerGroup: {fileID: 0}
    harmonyMixerGroup: {fileID: 0}
    beatMixerGroup: {fileID: 0}
  generationProperties:
    library: {fileID: 0}
    melodyMixer: {fileID: 0}
    harmonyMixer: {fileID: 0}
    beatMixer: {fileID: 0}
    audioSourcePrefab: {fileID: 0}
    acceptedModes: 
    sampleBufferMultiplier: 0
    maxModesAvailable: 0
    previousSegmentSourcesStored: 0
    segmentSwitchCurve:
      serializedVersion: 2
      m_Curve: []
      m_PreInfinity: 2
      m_PostInfinity: 2
      m_RotationOrder: 4
    startSongTimeBuffer: 0
    nextSegmentTimeBuffer: 0
    mainSegmentAmounts:
      minTotal: 0
      baseAmounts:
        min: 0
        max: 0
      melodyAmounts:
        min: 0
        max: 0
      accoAmounts:
        min: 0
        max: 0
    introSegmentAmounts:
      minTotal: 0
      baseAmounts:
        min: 0
        max: 0
      melodyAmounts:
        min: 0
        max: 0
      accoAmounts:
        min: 0
        max: 0
    bridgeSegmentAmounts:
      minTotal: 0
      baseAmounts:
        min: 0
        max: 0
      melodyAmounts:
        min: 0
        max: 0
      accoAmounts:
        min: 0
        max: 0
    endingSegmentAmounts:
      minTotal: 0
      baseAmounts:
        min: 0
        max: 0
      melodyAmounts:
        min: 0
        max: 0
      accoAmounts:
        min: 0
        max: 0
--- !u!223 &223206340878073502
Canvas:
  m_ObjectHideFlags: 1
  m_PrefabParentObject: {fileID: 0}
  m_PrefabInternal: {fileID: 100100000}
  m_GameObject: {fileID: 1295243962155090}
  m_Enabled: 1
  serializedVersion: 3
  m_RenderMode: 0
  m_Camera: {fileID: 0}
  m_PlaneDistance: 100
  m_PixelPerfect: 0
  m_ReceivesEvents: 1
  m_OverrideSorting: 0
  m_OverridePixelPerfect: 0
  m_SortingBucketNormalizedSize: 0
  m_AdditionalShaderChannelsFlag: 0
  m_SortingLayerID: 0
  m_SortingOrder: 0
  m_TargetDisplay: 0
--- !u!224 &224074503210653460
RectTransform:
  m_ObjectHideFlags: 1
  m_PrefabParentObject: {fileID: 0}
  m_PrefabInternal: {fileID: 100100000}
  m_GameObject: {fileID: 1295243962155090}
  m_LocalRotation: {x: 0, y: 0, z: 0, w: 1}
  m_LocalPosition: {x: 0, y: 0, z: 0}
  m_LocalScale: {x: 0, y: 0, z: 0}
  m_Children: []
  m_Father: {fileID: 4049003977688034}
  m_RootOrder: 0
  m_LocalEulerAnglesHint: {x: 0, y: 0, z: 0}
  m_AnchorMin: {x: 0, y: 0}
  m_AnchorMax: {x: 0, y: 0}
  m_AnchoredPosition: {x: 0, y: 0}
  m_SizeDelta: {x: 0, y: 0}
  m_Pivot: {x: 0, y: 0}
